@online
{
FEBiO,
author = {Weiss, Jeff},
title = {FEBiO Software suite},
year = {2018},
url = {https://febio.org}
} 

@book
{
    febio-tmanual,
    AUTHOR = {Weiss, Jeff},
     TITLE = {FEBiO Theory Manual Version 2.7},
 PUBLISHER = {Musculoskeletal Research Laboratories, University of Utah},
      YEAR = {2018}
}